@article{Lorenz1963,
  author  = {E. N. Lorenz},
  title   = {Deterministic Nonperiodic Flow},
  journal = {Journal of the Atmospheric Sciences},
  year    = {1963},
  volume  = {20},
  number  = {2},
  pages   = {130--141},
  doi     = {10.1175/1520-0469(1963)020<0130:DNF>2.0.CO;2}
}

@article{Saltzman1962,
  author  = {B. Saltzman},
  title   = {Finite Amplitude Free Convection as an Initial Value Problem—I},
  journal = {Journal of the Atmospheric Sciences},
  year    = {1962},
  volume  = {19},
  pages   = {329--341},
  doi     = {10.1175/1520-0469(1962)019<0329:FAFCAA>2.0.CO;2},
}

@article{Rayleigh1916,
  author  = {L. Rayleigh},
  title   = {On convection currents in a horizontal layer of fluid, when the higher temperature is on the under side},
  journal = {The London, Edinburgh, and Dublin Philosophical Magazine and Journal of Science},
  year    = {1916},
  volume  = {32},
  number  = {192},
  pages   = {529--546},
  doi     = {10.1080/14786441608635602}
}

@article{Oberbeck1879,
  author  = {A. Oberbeck},
  title   = {Ueber die Wärmeleitung der Flüssigkeiten bei Berücksichtigung der Strömungen infolge von Temperaturdifferenzen},
  journal = {Annalen der Physik},
  year    = {1879},
  volume  = {243},
  number  = {6},
  doi     = {10.1002/andp.18792430606}
}

@book{ford1933,
  author    = {L. R. Ford},
  title     = {Differential Equations},
  publisher = {McGraw-Hill},
  year      = {1955},
}

@book{burden2016,
  author    = {R. L. Burden, D. J. Faires, A. M. Burden},
  title     = {Análise Numérica},
  publisher = {Editora Cengage},
  year      = {2016},
}

@unpublished{roma2023,
  author        = {A. M. Roma, J. S. Bevilacqua, R. L. Nós},
  title         = {Métodos para a solução numérica de equações diferenciais ordinárias a valores iniciais},
  year          = {2023},
  note          = {Notas de aula, curso de Métodos Numéricos, USP}
}

@book{peitgen2013,
  title={Chaos and Fractals},
  author={Peitgen, Heinz-Otto and J{\"u}rgens, Hartmut and Saupe, Dietmar},
  year={2013},
  publisher={Springer Science \& Business Media}
}

@book{sotomayor1979,
  title={Lições de Equações Diferenciais Ordinárias},
  author={Sotomayor, Jorge},
  year={1979},
  publisher={IMPA},
}

@article{britannica2024chaos,
  title={Chaos Theory},
  author={The Editors of Encyclopaedia Britannica},
  journal={Encyclopedia Britannica},
  year={2024},
  url={https://www.britannica.com/science/chaos-theory},
  note={Accessed 8 June 2024}
}

@article {Palmer1993,
      author = "T. N. Palmer",
      title = "Extended-Range Atmospheric Prediction and the Lorenz Model",
      journal = "Bulletin of the American Meteorological Society",
      year = "1993",
      publisher = "American Meteorological Society",
      address = "Boston MA, USA",
      volume = "74",
      number = "1",
      doi = "10.1175/1520-0477(1993)074<0049:ERAPAT>2.0.CO;2",
      pages=      "49 - 66",
      url = "https://journals.ametsoc.org/view/journals/bams/74/1/1520-0477_1993_074_0049_erapat_2_0_co_2.xml"
}

@misc{Cheever2005,
  author = "Erik Cheever",
  title = "Fourth Order Runge-Kutta Method",
  year = "2005",
  url = "https://lpsa.swarthmore.edu/NumInt/NumIntFourth.html",
  note = "[Online; accessed 15-June-2024]"
}

@article{Fontana2018,
    author = "Éliton Fontana",
    title = {Métodos Numéricos para Análise de Equações Diferenciais},
    year = {2018},
    url = {https://fontana.paginas.ufsc.br/files/2018/03/parteI_metNum.pdf}
}

@article{Luzzatto2004,
author = {Luzzatto, Stefano and Melbourne, Ian and Paccaut, Frederic},
year = {2004},
month = {10},
pages = {},
title = {The Lorenz Attractor is Mixing},
volume = {260},
journal = {Communications in Mathematical Physics},
doi = {10.1007/s00220-005-1411-9}
}
